%Statistical Databases


@article{Denning:TODS:80,
title="A Security Model for the Statistical Database Problem",
author="D.E. Denning",
journal="ACM Transactions on Database Systems (TODS)",
volume="5", 
year="1980"}


@article{Wortman89,
title="Security-Control Methods for Statistical Databases: A Comparative Study", 
author="N.R. Adam and J.C. Wortmann", 
journal="ACM Computing Surveys", 
volume="21",
year="1989"}


%General Privacy

@ARTICLE{cra99,
   AUTHOR = {Lorrie Faith Cranor},
   TITLE = {Internet privacy},
   JOURNAL = {Communications of the ACM},
   VOLUME = {42},
   NUMBER = {2},
   YEAR = {1999},
   PAGES = {28--38},
   PUBLISHER = {ACM Press},
}

@INPROCEEDINGS{gwb97,
  AUTHOR = {Ian Goldberg and David Wagner and Eric Brewer},
  TITLE = {Privacy-enhancing Technologies for the Internet},
  BOOKTITLE = {Proc. of 42nd IEEE Spring COMPCON},
  YEAR = {1997},
  MONTH = feb,
  PUBLISHER = {IEEE Computer Society Press},
 }

@TECHREPORT{tur03,
  AUTHOR = {Joseph Turow},
  TITLE = {Americans and Online Privacy: The System is Broken},
  INSTITUTION = {Annenberg Public Policy Center},
  YEAR = 2003,
  MONTH = {June}
}

@ARTICLE{tay03,
  AUTHOR = {Humphrey Taylor},
  TITLE = {Most People Are ``Privacy Pragmatists'' Who, While
  Concerned about Privacy, Will Sometimes Trade it Off for Other
  Benefits},
  JOURNAL =      {The Harris Poll},
  YEAR =      2003,
  NUMBER =     17,
  MONTH =     {March 19}
}

@MANUAL{p3p02,
  AUTHOR = {Lorrie Cranor and Marc Langheinrich and Massimo Marchiori
  and Martin Presler-Marshall and Joseph Reagle},
  TITLE = {The Platform for Privacy Preferences 1.0 ({P3P1.0})
  Specification },
  ORGANIZATION = {W3C Recommendation},
  YEAR = 2002,
  MONTH = {16 April}
}

@ARTICLE{rks+97,
  AUTHOR = {D. M. Rind and I. S. Kohane and P. Szolovits and C. Safran
  and H. C. Chueh and G. O. Barnett},
  TITLE = {Maintaining the confidentiality of medical records shared
  over the Internet and the World Wide Web},
  JOURNAL = {Annals of Internal Medicine},
  YEAR = 1997,
  VOLUME = 127,
  NUMBER = 2,
  MONTH = {July}
}

@MANUAL{hippa,
  TITLE = {Public Law 104-191: Health Insurance Portability and
  Accountability Act of 1996},
  ORGANIZATION = {104th Congress},
  YEAR =1996,
  MONTH = {August},
} 

%%Classification Algorithm

@inproceedings{Initial:kmeans,
author="P.S. Bardley and U.M. Fayyad",
title="Refining Initial Points for K-Means Clustering",
booktitle="Proceedings of 15th International Conference on Machine Learning (ICML)",
pages="91--99",
year="1998"}


@book{Mitchell:AI,
author="T.M. Mitchell",
title="Machine Learning",
publisher="McGraw-Hill",
year="1997"}

@article{Quinlan:86,
author="J.R. Quinlan",
title="Induction of decision trees",
journal="Machine Learning",
volume="1",
number="1",
year="1986",
pages="81--106"}



%% clustering
@article{Llyod-82,
author="S.P. Llyod",
title="Least squares quantization in PCM",
journal="IEEE Transactions on Information Theory",
volume="IT-2",
pages="129--137",
year="1982"}

@book{pattern-classification,
author="R.O. Duda and P.E. Hart and D.G. Stork",
title="Pattern Classification",
publisher="John Wiley \& Sons",
year="2001"}

@inproceedings{DhillonModha,
author="I.S. Dhillon and D.S. Modha",
title="A data-clustering algorithm on distributed memory multiprocessors",
booktitle="Proceedings of Large-scale Parallel KDD Systems Workshop (ACM SIGKDD)",
month="August 15-18",
year="1999"}

@article{Kargupta,
author="H. Kargupta and W. Huang and K. Sivakumar and E. Johnson",
title="Distributed clustering using collective principal component analysis",
journal="Knowledge and Information Systems",
volume="3",
number="4",
pages="405--421",
month="November",
year="2001"}


%% Applications of clustering
@inproceedings{Marchette99,
author="D. Marchette", 
title="A Statistical Method for Profiling Network Traffic", 
booktitle="Workshop on Intrusion Detection and Network Monitoring", 
year="1999", 
pages="119--128"}


@article{Dhillon:Bio,
author="I.S. Dhillon and E.M. Marcotte and U. Roshan",
title="Diametrical Clustering for Identifying Anti-correlated Gene Clusters",
journal="Bioinformatics",
volume="19",
number="13",
year="2003",
pages="1612--1619"}

@inproceedings{Pouget:Dacier,
author="F. Pouget and  M. Dacier", 
title="Honeypot-Based Forensics",
booktitle="Proceedings Of AusCERT Asia Pacific Information technology Security Conference 2004(AusCERT2004)", 
address="Brisbane, Australia", 
month="May", 
year="2004"}

@article{Julisch:TISSEC,
author="K. Julisch",
title="Clustering Intrusion Detection Alarms to Support Root Cause Analysis",
journal="ACM Transactions on Information and System Security (TISSEC)",
volume="6",
number="4",
month="November",
year="2003",
pages="443--471"}


@inproceedings{Lindell-Pinkas,
author="Y. Lindell and B. Pinkas",
title="Privacy Preserving Data Mining",
booktitle="Advances in Cryptology (Crypto 2000)",
pages="36--54",
year="2000",
month="August"}

@inproceedings{Agrawal-Srikant,
author="R. Agrawal and R. Srikant",
title="Privacy-preserving data mining",
booktitle="Proceedings of the 2000 ACM SIGMOD Conference on Management of Data",
pages="439--450",
address="Dallas, TX",
month="May",
year="2000"}


%% privacy preserving 

@inproceedings{Szajda:NDSS:2004,
author="E. Szajda and M. Pohl and J. Owen and B. Lawson",
title="Toward a Practical Data Privacy Scheme for A Distributed Implementation of 
       the Smith-Waterman Genome Sequence Comparison Algrotihm",
booktitle="Proceedings of the Network and Distributed System Security Symposium (NDSS)",
year="2006"}

@inproceedings{MeruguGhosh,
author="S. Merugu and  J. Ghosh",
title="Privacy-preserving Distributed Clustering using Generative Models", 
booktitle="Proceedings of the 3rd IEEE International Conference on Data Mining (ICDM 2003)",
year="2003",
pages="211--218"}

@inproceedings{Klusch,
author="M. Klusch and  S. Lodi and  Gianluca Moro", 
title="Distributed Clustering Based on Sampling Local Density Estimates", 
booktitle="Proceedings of the Eighteenth International Joint Conference on Artificial Intelligence (IJCAI 2003)",
year="2003", 
pages="485--490"}

@inproceedings{Oliveira,
author="S. Oliveira and  O. R. Zaiane", 
title="Privacy Preserving Clustering by Data Transformation", 
booktitle="XVIII Simp{\'o}sio Brasileiro de Bancos de Dados, 6-8 de Outubro (SBBD 2003)",
year="2003",
pages="304--318"}



@inproceedings{VaidyaClifton,
author="J. Vaidya and  C. Clifton", 
title="Privacy-preserving $k$-means clustering over vertically partitioned data", 
booktitle="Proceedings of the Ninth ACM SIGKDD International Conference on Knowledge Discovery and Data Mining", 
year="2003", 
pages="206--215"}

@inproceedings{DuAtallah,
author="W. Du and M. J. Atallah", 
title="Privacy-Preserving Cooperative Statistical Analysis", 
booktitle="Annual Computer Security Applications Conference ACSAC)", 
month="December 10-14", 
year="2001", 
address="New Orleans, Louisiana, USA", 
pages="102--110"}

@inproceedings{Gehrke:2002,
author="A. Evfimievski and R. Srikant and R. Agrawal and J. Gehrke",
title="Privacy preserving mining of association rules",
booktitle="Eighth ACM SIGKDD International Conference on Knowledge Discovery and Data Mining",
pages="217--228",
address="Edmonton, Alberta, Canada",
month="July 23--26",
year="2002"}

@inproceedings{VaidyaClifton:2002,
author="J. Vaidya and C. Clifton",
title="Privacy preserving association rule mining in vertically partitioned data",
booktitle="Eighth ACM SIGKDD International Conference on Knowledge Discovery and Data Mining",
pages="217--228",
address="Edmonton, Alberta, Canada",
month="July 23--26",
year="2002"}

@inproceedings{RizviHarista,
author="S.J. Rizvi and J.R. Harista",
title="Maintaining data privacy in association rule mining",
booktitle="Proceedings of 28th International Conference on Very Large Data Bases (VLDB)",
address="Hong Kong",
month="August 20-23",
year="2002"}


@INPROCEEDINGS{mnps04,
  AUTHOR = {Dahlia Malkhi and Noam Nisan and Benny Pinkas and Yaron Sella},
  TITLE = {{Fairplay -- A Secure Two-Party Computation System}},
  BOOKTITLE = {Proceedings of 13th USENIX Security Symposium},
  ORGANIZATION = {USENIX},
  PAGES = {287-302},
  MONTH = {September},
  YEAR = {2004},
  NOTE = {San Diego, CA},
} 

@inproceedings{Nissim:2001,
author="J. Feigenbaum and  Y. Ishai and  T. Malkin and  K. Nissim and  M. Strauss and R. N. Wright",
title="Secure Multiparty Computation of Approximations",
booktitle="28th International Colloquium Automata, Languages and Programming (ICALP 2001)", 
address="Crete, Greece", 
month="July 8-12",
year="2001"}

@article{Goldreich:JACM:91,
author="O. Goldreich and S. Micali and A. Wigderson",
title="Proofs that Yield Nothing but Their Validity or All Languages
in {NP} have Zero-Knowledge Proof Systems",
journal="Journal of the ACM",
volume="38",
number="1",
pages="691--729",
year="1991"}

@inproceedings{Goldreich87,
author="O. Goldreich and S. Micali and A. Wigderson",
title="How to Play Any Mental Game - A Completeness Theorem
for Protocols with Honest Majority",
booktitle="19th Symposium on Theory of Computer Science", 
year="1987",
pages="218--229"}

@inproceedings{Yao86,
author="A.C. Yao",
title="How to Generate and Exchange Secrets",
booktitle="27th IEEE Symposium on Foundations of Computer Science",
year="1986",
pages="162--167"}

@inproceedings{NaorPinkas99,
author="M. Naor and B. Pinkas",
title="Oblivious Transfer and Polynomial Evaluation",
booktitle="31st Symposium on Theory of Computer Science", 
address="Atlanta, GA", 
pages="245--254", 
month="May 1-4", 
year="1999"}

@book{GoldreichBookVol2,
author="O. Goldreich",
title="Foundations of Cryptography: Volume 2, Basic Applications",
publisher="Cambridge University Press",
year="2004"}


@article{CanettiComposition,
author="R. Canetti",
title="Security and Composition of Multi-Party Cryptographic Protocols",
journal="Journal of Cryptology",
volume="13",
number="1",
year="2000",
pages="143--202"}

@inproceedings{Goldreich:compiler:99,
author="O. Goldreich and E. Petrank",
title="Quantifying Knowledge Complexity",
booktitle="Computational Complexity",
volume="8",
pages="50--98",
year="1999"}



%% cryptography

@book{GoldreichBookVol1,
author="O. Goldreich",
title="Foundations of Cryptography: Volume 1, Basic Tools",
publisher="Cambridge University Press",
month="May",
year="2001"}

@article{Goldwasser:Micali,
author="S. Goldwasser and S. Micali",
title="Probabilistic Encryption",
journal="Journal of Computer and Systems Science",
volume="28",
pages="270--299",
year="1984"}

@inproceedings{Benaloh:94,
author="J. Benaloh",
title="Dense Probabilistic Encryption",
booktitle="Workshop on Selected Areas of Cryptography",
year="1994",
month="May",
pages="120--128"}

@inproceedings{Paillier99,
author="P. Paillier",
title="Public-Key Cryptosystems Based on Composite Degree Residuosity Classes",
booktitle="Proceedings of Advances in Cryptology (EUROCRYPT'99)",
year="1999"}

@inproceedings{Naccache-Stern,
author="D. Naccache and J. Stern",
title="A new public key cryptosystem based on higher residues",
booktitle="Proceedings of the 5th ACM Conference on Computer and Communications Security (CCS)",
address="San Francisco, California",
year="1998"}

@inproceedings{Gilboa99,
author="Niv Gilboa", 
title="Two Party RSA Key Generation",
booktitle="Advances in Cryptology (CRYPTO '99)", 
address="Santa Barbara, California, USA", 
month="August 15-19", 
year="1999"}

@article{Boneh-Franklin-2001,
author="D. Boneh and  M. K. Franklin", 
title="Efficient generation of shared {RSA} keys", 
journal="Journal of the ACM (JACM)",
volume="48",
number="4",
pages="702--722",
year="2001"}

@article{PinkasCryptoPPDM02,
 author = {Benny Pinkas},
 title = {Cryptographic techniques for privacy-preserving data mining},
 journal = {SIGKDD Explor. Newsl.},
 volume = {4},
 number = {2},
 year = {2002},
 issn = {1931-0145},
 pages = {12--19},
 doi = {http://doi.acm.org/10.1145/772862.772865},
 publisher = {ACM Press},
 address = {New York, NY, USA},
 }

@TechReport{Rabin81,
  author =       "M. Rabin",
  title =        "How to exchange secrets by oblivious transfer",
  institution =  "Harvard Aiken Computation Laboratory",
  number =       "TR-81",
  year =         "1981",
}
