%%OBDDS

@article{Bryant:BDD,
author="Randal E. Bryant",
title="Graph-Based Algorithms for Boolean Function Manipulation", 
journal="IEEE Transactions on  Computers", 
volume="35",
number="8", 
pages="677--691",
year="1986"}

@book{Clarke:book,
author="E.M. Clarke and O. Grumberg and D.A. Peled",
title="Model Checking",
year="2000",
publisher="The MIT Press"}

@misc{JavaBDD,
key= {JavaBDD},
title={JavaBDD - Java Binary Decision Diagram library},
howpublished={\url{http://javabdd.sourceforge.net/}}
}

@misc{BuDDy,
key={Buddy},
title={BuDDy},
howpublished={\url{http://sourceforge.net/projects/buddy}}
}


@article{Bollig-Wegener:1996,
author="Beate Bollig and Ingo Wegener", 
title="Improving the Variable Ordering of {OBDD}s Is {NP}-Complete",
journal="IEEE Transactions on Computers", 
volume="45",
number="9", 
month="September", 
year="1996"}

%% SFE
@inproceedings{Noar-Pinkas:2001,
author="Moni Naor and Benny Pinkas",
title="Efficient oblivious transfer protocols", 
booktitle="Proceedings of the Twelfth Annual Symposium on Discrete Algorithms (SODA)",
year="2001", 
pages="448--457"}


@misc{LP04,
  author =       {Yehuda Lindell and Benny Pinkas},
  title =        {A Proof of {Yao}'s Protocol for Secure Two-Party Computation},
  howpublished = {Cryptology ePrint Archive, Report 2004/175},
  year =         {2004},
  note =         {\url{http://eprint.iacr.org/2004/175}},
}

@InProceedings{FNP04,
  author =       {Michael Freedman and Kobbi Nissim and Benny Pinkas},
  title =        {Efficient Private Matching and Set Intersection},
  booktitle =    {Proceedings of Eurocrypt 2004},
  pages =        {1--19},
  year =         2004,
  editor =       {Christian Cachin and Jan Camenisch},
  volume =       3027,
  series =       {LNCS},
  month =        {May},
  publisher =    {Springer-Verlag}
}

@inproceedings{Reiter:CCS:2003,
author="Philip D. MacKenzie and  Alina Oprea and Michael K. Reiter",
title="Automatic generation of two-party computations", 
booktitle="Proceedings of ACM Conference on Computer and Communications Security", 
year="2003"}

@inproceedings{Fairplay,
author="D. Malkhi and N. Nisan and B. Pinkas and Y. Sella",
title="Fairplay --- A Secure Two-Party Computation System",
booktitle="Proceedings of the 13th Usenix Security Symposium",
address="San Diego, CA, USA",
month="August",
year="2004"}

@inproceedings{Yao:86,
author="A.C. Yao",
title="How to generate and exchange secrets",
booktitle="Proceedings of the 27th IEEE Symposium on Foundations of Computer Science",
year="1986"}

@book{Goldreich:vol2,
author="O. Goldreich",
title="The Foundations of Cryptography --- Volume 2",
year="2004",
publisher="Cambridge University Press"}

@InProceedings{AMP04,
  author =       {Gagan Aggarwal and Nina Mishra and Benny Pinkas},
  title =        {Secure Computation of the k-th Ranked Element},
  booktitle =    {Proceedings of Eurocrypt 2004},
  pages =        {40--55},
  year =         2004,
  editor =       {Christian Cachin and Jan Camenisch},
  volume =       3027,
  series =       {LNCS},
  month =        {May},
  publisher =    {Springer-Verlag}
}

@InProceedings{GMW86,
  title =        "Proofs that Yield Nothing But their Validity and a
                 Methodology of Cryptographic Protocol Design (Extended
                 Abstract)",
  author =       "Oded Goldreich and Silvio Micali and Avi Wigderson",
  pages =        "174--187",
  booktitle =    "Proceedings of the 27th Annual Symposium on Foundations of Computer
                 Science",
  month =        "27--29 ",
  year =         "1986",
}

@InProceedings{Y82,
  author =       "Andrew Yao",
  title =        "Protocols for Secure Computations",
  pages =        "160--164",
  booktitle =    "Proceedings of the 23rd Symposium on Foundations of
                 Computer Science",
  year =         "1982",
}



@InProceedings{GMW87,
  author = {O. Goldreich and S. Micali and A. Wigderson},
  title = {How to Play any Mental Game -- A Completeness Theorem for
           Protocols with Honest Majority},
  booktitle = {19th STOC},
  pages = {218-229},
  year = 1987
} 

@article{LP02,
  author = {Y. Lindell and B. Pinkas},
  title = {Privacy Preserving Data Mining},
  journal = {Journal of Cryptology},
  volume = 15,
  number = 3,
  year = 2002
}

@InProceedings{NPS99,
  author = {M. Naor, B. Pinkas and R. Sumner},
  title = {Privacy Preserving Auctions and Mechanism Design},
  booktitle = {Proceedings of the 1st ACM conf. on Electronic Commerce},
  year = 1999
}

@InProceedings{FPRS04,
  author = {J. Feigenbaum and B. Pinkas and R. Ryger and F. Saint-Jean},
  title = {Secure Computation of Surveys},
  booktitle = {2004 EU Workshop on Secure Multiparty Protocols (SMP)},
  year = 2004
} 
%% General privacy

@ARTICLE{cra99,
   AUTHOR = {Lorrie Faith Cranor},
   TITLE = {Internet privacy},
   JOURNAL = {Communications of the ACM},
   VOLUME = {42},
   NUMBER = {2},
   YEAR = {1999},
   PAGES = {28--38},
   PUBLISHER = {ACM Press},
}

@INPROCEEDINGS{gwb97,
  AUTHOR = {Ian Goldberg and David Wagner and Eric Brewer},
  TITLE = {Privacy-enhancing Technologies for the Internet},
  BOOKTITLE = {Proc. of 42nd IEEE Spring COMPCON},
  YEAR = {1997},
  MONTH = feb,
  PUBLISHER = {IEEE Computer Society Press},
 }

@TECHREPORT{tur03,
  AUTHOR = {Joseph Turow},
  TITLE = {Americans and Online Privacy: The System is Broken},
  INSTITUTION = {Annenberg Public Policy Center},
  YEAR = 2003,
  MONTH = {June}
}

@ARTICLE{tay03,
  AUTHOR = {Humphrey Taylor},
  TITLE = {Most People Are ``Privacy Pragmatists'' Who, While
  Concerned about Privacy, Will Sometimes Trade it Off for Other
  Benefits},
  JOURNAL =      {The Harris Poll},
  YEAR =      2003,
  NUMBER =     17,
  MONTH =     {March 19}
}

@MANUAL{p3p02,
  AUTHOR = {Lorrie Cranor and Marc Langheinrich and Massimo Marchiori
  and Martin Presler-Marshall and Joseph Reagle},
  TITLE = {The Platform for Privacy Preferences 1.0 ({P3P1.0})
  Specification },
  ORGANIZATION = {W3C Recommendation},
  YEAR = 2002,
  MONTH = {16 April}
}

@ARTICLE{rks+97,
  AUTHOR = {D. M. Rind and I. S. Kohane and P. Szolovits and C. Safran
  and H. C. Chueh and G. O. Barnett},
  TITLE = {Maintaining the confidentiality of medical records shared
  over the Internet and the World Wide Web},
  JOURNAL = {Annals of Internal Medicine},
  YEAR = 1997,
  VOLUME = 127,
  NUMBER = 2,
  MONTH = {July}
}

@MANUAL{hippa,
  TITLE = {Public Law 104-191: Health Insurance Portability and
  Accountability Act of 1996},
  ORGANIZATION = {104th Congress},
  YEAR =1996,
  MONTH = {August},
} 
