@inproceedings{ bellovin92,
    author = "Steven M. Bellovin and Michael Merritt",
    title = "Encrypted Key Exchange: Password-Based Protocols Secure Against Dictionary Attacks",
    pages = "72--84",
    url = "citeseer.ist.psu.edu/bellovin92encrypted.html",
    booktitle = "Proceedings of the IEEE Symposium on Security and Privacy",
    year="1992" }

@inproceedings{ brainard03,
    author="J. Brainard, A. Juels, B. Kaliski, and M. Szydlo",
    title="A New Two-Server Approach for Authentication with Short Secrets",
    pages="204--214",
    booktitle="USENIX Security",
    year="2003" }

@misc{rfc4251,
  author="T. Ylonen and C. Lonvick",
  title="{The Secure Shell (SSH) Protocol Architecture}",
  series="Request for Comments",
  number="4251",
  howpublished="RFC 4251 (Proposed Standard)",
  publisher="IETF",
  organisation="Internet Engineering Task Force",
  year=2006,
  month=jan,
    url="http://www.ietf.org/rfc/rfc4251.txt",
}

@misc{rfc4252,
  author="T. Ylonen and C. Lonvick",
  title="{The Secure Shell (SSH) Authentication Protocol}",
  series="Request for Comments",
  number="4252",
  howpublished="RFC 4252 (Proposed Standard)",
  publisher="IETF",
  organisation="Internet Engineering Task Force",
  year=2006,
  month=jan,
    url="http://www.ietf.org/rfc/rfc4252.txt",
}

@misc{rfc4253,
  author="T. Ylonen and C. Lonvick",
  title="{The Secure Shell (SSH) Transport Layer Protocol}",
  series="Request for Comments",
  number="4253",
  howpublished="RFC 4253 (Proposed Standard)",
  publisher="IETF",
  organisation="Internet Engineering Task Force",
  year=2006,
  month=jan,
    url="http://www.ietf.org/rfc/rfc4253.txt",
}
@misc{rfc4419,
  author="M. Friedl and N. Provos and W. Simpson",
  title="{Diffie-Hellman Group Exchange for the Secure Shell (SSH) Transport Layer Protocol}",
  series="Request for Comments",
  number="4419",
  howpublished="RFC 4419 (Proposed Standard)",
  publisher="IETF",
  organisation="Internet Engineering Task Force",
  year=2006,
  month=mar,
    url="http://www.ietf.org/rfc/rfc4419.txt",
}
