@misc{nt-hash,
title = {{MSDN} Security Account Manager Protocol Specification},
key = {nthash},
howpublished = {\url{http://msdn.microsoft.com/en-us/library/cc245506(PROT.13).aspx}}
}

@misc{ubuntu-shadow,
title = {{Ubuntu} manual entry on shadow passwords},
key = {ubuntushadow},
howpublished = {\url{http://www.opensc-project.org}}
}

@misc{redhat-shadow, title = {{RedHat} Enterprise Linux 5.4 Deployment
Guide -- Shadow Passwords}, key = {rhel}, howpublished =
{\url{http://www.redhat.com/docs/en-US/Red_Hat_Enterprise_Linux/5.4/html/Deployment_Guide/s1-users-groups-shadow-utilities.html}}
}

@misc{debian-shadow, 
title = {Debian Reference Manual Chapter 4 -- Authentication}, 
key = {debian}, howpublished =
{\url{http://www.debian.org/doc/manuals/debian-reference/ch04.en.html}}
}

@book{smith08,
author = {Sean Smith and John Marchenisi},
title = {The Craft of System Security},
publisher = {Addison Wesley},
year = {2008}
}


@unpublished{Hazay-Lindell,
title="Efficient Oblivious Transfer with Simulation-Based Security",
author={C. Hazay and Y. Lindell},
year="2009"}

@misc{opensc,
title = "The {OpenSC} Project",
howpublished = {\url{http://www.opensc-project.org/}},
key = {OpenSC}
}

@misc{rfc4419,
author = "M. Friedl and N. Provos and W. Simpson",
title = "{RFC 4419}: {Diffie-Hellman} Group Exchange for the Secure Shell ({SSH}) Transport Layer Protocol (Proposed Standard)",
month = mar,
year = "2006"
}

@Misc{rfc4251,
author = "T. Ylonen and C. Lonvick",
title = "{RFC 4251}: The Secure Shell ({SSH}) Protocol Architecture",
month = jan,
year = "2006"
}

@inproceedings{goyalmohasselsmith-eurocrypt08,
  author    = {Vipul Goyal and
               Payman Mohassel and
               Adam Smith},
  title     = {Efficient Two Party and Multi Party Computation Against
               Covert Adversaries},
  booktitle = {EUROCRYPT},
  year      = {2008},
  pages     = {289-306},
}


@article{DBLP:journals/compsec/YangS99,
  author    = {Wen-Her Yang and
               Shiuh-Pyng Shieh},
  title     = {Password authentication schemes with smart cards},
  journal   = {Computers {\&} Security},
  volume    = {18},
  number    = {8},
  year      = {1999},
  pages     = {727-733},
  ee        = {http://dx.doi.org/10.1016/S0167-4048(99)80136-9},
  bibsource = {DBLP, http://dblp.uni-trier.de}
}

@Misc{rfc4252,
  author =       "T. Ylonen and C. Lonvick",
  title =        "{RFC 4252}: The Secure Shell {SSH} Authentication Protocol",
  month =        jan,
  year =         "2006",
}

@article{adams-usability,
 author = {Adams,, Anne and Sasse,, Martina Angela},
 title = {Users are not the enemy},
 journal = {Commun. ACM},
 volume = {42},
 number = {12},
 year = {1999},
 issn = {0001-0782},
 pages = {40--46},
 doi = {http://doi.acm.org/10.1145/322796.322806},
 publisher = {ACM},
 address = {New York, NY, USA},
 }

@inproceedings{bellovin92,
 author = {Bellovin,, Steven M. and Merritt,, Michael},
 title = {Encrypted Key Exchange: Password-Based Protocols SecureAgainst Dictionary Attacks},
 booktitle = {SP '92: Proceedings of the 1992 IEEE Symposium on Security and Privacy},
 year = {1992},
 isbn = {0-8186-2825-1},
 pages = {72},
 publisher = {IEEE Computer Society},
 address = {Washington, DC, USA},
 }

@inproceedings{brainard03,
 author = {Brainard,, John and Juels,, Ari and Kaliski,, Burt and Szydlo,, Michael},
 title = {A new two-server approach for authentication with short secrets},
 booktitle = {SSYM'03: Proceedings of the 12th conference on USENIX Security Symposium},
 year = {2003},
 pages = {14--14},
 location = {Washington, DC},
 publisher = {USENIX Association},
 address = {Berkeley, CA, USA},
 }

@article{lamport81,
 author = {Lamport,, Leslie},
 title = {Password authentication with insecure communication},
 journal = {Commun. ACM},
 volume = {24},
 number = {11},
 year = {1981},
 issn = {0001-0782},
 pages = {770--772},
 doi = {http://doi.acm.org/10.1145/358790.358797},
 publisher = {ACM},
 address = {New York, NY, USA},
 }

@inproceedings{bellovin93,
 author = {Bellovin,, Steven M. and Merritt,, Michael},
 title = {Augmented encrypted key exchange: a password-based protocol secure against dictionary attacks and password file compromise},
 booktitle = {CCS '93: Proceedings of the 1st ACM conference on Computer and communications security},
 year = {1993},
 isbn = {0-89791-629-8},
 pages = {244--250},
 location = {Fairfax, Virginia, United States},
 doi = {http://doi.acm.org/10.1145/168588.168618},
 publisher = {ACM},
 address = {New York, NY, USA},
 }

@inproceedings{abdalla05,
author = {Abdalla,, Michel and Pointchavel,, David},
title = {Simple password-based encrypted key exchange protocols},
booktitle = {CT-RSA 2005},
year = {2005},
pages = {191--208},
publisher = {Springer}
}

@inproceedings{abdalla06,
 author = {Abdalla,, Michel and Bresson,, Emmanuel and Chevassut,, Olivier and M\"{o}ller,, Bodo and Pointcheval,, David},
 title = {Provably secure password-based authentication in {TLS}},
 booktitle = {ASIACCS '06: Proceedings of the 2006 ACM Symposium on Information, computer and communications security},
 year = {2006},
 pages = {35--45},
 location = {Taipei, Taiwan},
 publisher = {ACM},
 address = {New York, NY, USA},
 }

@inproceedings{abdalla08,
  author    = {Michel Abdalla and
               Dario Catalano and
               C{\'e}line Chevalier and
               David Pointcheval},
  title     = {Efficient Two-Party Password-Based Key Exchange Protocols
               in the UC Framework},
  booktitle = {CT-RSA},
  year      = {2008},
  pages     = {335-351},
}

@inproceedings{katz01,
 author = {Katz,, Jonathan and Ostrovsky,, Rafail and Yung,, Moti},
 title = {Efficient Password-Authenticated Key Exchange Using Human-Memorable Passwords},
 booktitle = {EUROCRYPT '01: Proceedings of the International Conference on the Theory and Application of Cryptographic Techniques},
 year = {2001},
 isbn = {3-540-42070-3},
 pages = {475--494},
 publisher = {Springer-Verlag},
 address = {London, UK},
 }

@inproceedings{katz02,
  author    = {Jonathan Katz and
               Rafail Ostrovsky and
               Moti Yung},
  title     = {Forward Secrecy in Password-Only Key Exchange Protocols},
  booktitle = {SCN},
  year      = {2002},
  pages     = {29-44},
}

@inproceedings{gennaro03,
  author    = {Rosario Gennaro and
               Yehuda Lindell},
  title     = {A Framework for Password-Based Authenticated Key Exchange},
  booktitle = {EUROCRYPT},
  year      = {2003},
  pages     = {524-543},
}

@inproceedings{gennaro08,
  author    = {Rosario Gennaro},
  title     = {Faster and Shorter Password-Authenticated Key Exchange},
  booktitle = {TCC},
  year      = {2008},
  pages     = {589-606},
}

@inproceedings{woodruff-eurocrypt07,
  author    = {David P. Woodruff},
  title     = {Revisiting the Efficiency of Malicious Two-Party Computation},
  booktitle = {EUROCRYPT},
  year      = {2007},
  pages     = {79-96},
}

@inproceedings{jareckishmatikov-eurocrypt07,
  author    = {Stanislaw Jarecki and
               Vitaly Shmatikov},
  title     = {Efficient Two-Party Secure Computation on Committed Inputs},
  booktitle = {EUROCRYPT},
  year      = {2007},
  pages     = {97-114},
}

@inproceedings{aumannlindell,
  author    = {Yonatan Aumann and
               Yehuda Lindell},
  title     = {Security Against Covert Adversaries: Efficient Protocols
               for Realistic Adversaries},
  booktitle = {TCC},
  year      = {2007},
  pages     = {137-156},
}

@inproceedings{lindellpinkas-eurocrypt07,
  author    = {Yehuda Lindell and
               Benny Pinkas},
  title     = {An Efficient Protocol for Secure Two-Party Computation in
               the Presence of Malicious Adversaries},
  booktitle = {EUROCRYPT},
  year      = {2007},
  pages     = {52-78},
}

@inproceedings{yao82,
 author = {Yao,, Andrew C.},
 title = {Protocols for secure computations},
 booktitle = {FOCS},
 year = {1982},
 pages = {160--164},
 publisher = {IEEE Computer Society},
 address = {Washington, DC, USA},
 }

@inproceedings{bellare00,
  author    = {Mihir Bellare and
               David Pointcheval and
               Phillip Rogaway},
  title     = {Authenticated Key Exchange Secure against Dictionary Attacks},
  booktitle = {EUROCRYPT},
  year      = {2000},
  pages     = {139-155},
  ee        = {http://link.springer.de/link/service/series/0558/bibs/1807/18070139.htm},
  bibsource = {DBLP, http://dblp.uni-trier.de}
}

@inproceedings{boyko00,
  author    = {Victor Boyko and
               Philip D. MacKenzie and
               Sarvar Patel},
  title     = {Provably Secure Password-Authenticated Key Exchange Using
               {Diffie-Hellman}},
  booktitle = {EUROCRYPT},
  year      = {2000},
  pages     = {156-171},
  ee        = {http://link.springer.de/link/service/series/0558/bibs/1807/18070156.htm},
  bibsource = {DBLP, http://dblp.uni-trier.de}
}

@inproceedings{gentry05,
  author    = {Craig Gentry and
               Philip D. MacKenzie and
               Zulfikar Ramzan},
  title     = {Password authenticated key exchange using hidden smooth
               subgroups},
  booktitle = {ACM Conference on Computer and Communications Security},
  year      = {2005},
  pages     = {299-309},
  ee        = {http://doi.acm.org/10.1145/1102120.1102160},
  bibsource = {DBLP, http://dblp.uni-trier.de}
}

@inproceedings{mack00,
  author    = {Philip D. MacKenzie and
               Sarvar Patel and
               Ram Swaminathan},
  title     = {Password-Authenticated Key Exchange Based on {RSA}},
  booktitle = {ASIACRYPT},
  year      = {2000},
  pages     = {599-613},
  ee        = {http://link.springer.de/link/service/series/0558/bibs/1976/19760599.htm},
  bibsource = {DBLP, http://dblp.uni-trier.de}
}

@inproceedings{zhang04,
  author    = {Muxiang Zhang},
  title     = {New Approaches to Password Authenticated Key Exchange Based
               on RSA},
  booktitle = {ASIACRYPT},
  year      = {2004},
  pages     = {230-244},
  ee        = {http://springerlink.metapress.com/openurl.asp?genre=article{\&}issn=0302-9743{\&}volume=3329{\&}spage=230},
  bibsource = {DBLP, http://dblp.uni-trier.de}
}

@inproceedings{gentry06,
  author    = {Craig Gentry and
               Philip D. MacKenzie and
               Zulfikar Ramzan},
  title     = {A Method for Making Password-Based Key Exchange Resilient
               to Server Compromise},
  booktitle = {CRYPTO: 26th Annual International
               Cryptology Conference},
  year      = {2006},
  pages     = {142-159},
  ee        = {http://dx.doi.org/10.1007/11818175_9},
  bibsource = {DBLP, http://dblp.uni-trier.de}
}

@INPROCEEDINGS{ford00,
title={Server-assisted generation of a strong secret from a password},
author={Ford, W. and Kaliski, B.S., Jr.},
booktitle={IEEE 9th Internation Workshops on Enabling Technologies: Infrastructure for Collaborative Enterprises},
year={2000},
month={},
volume={},
number={},
pages={176-180},
}

@inproceedings{mackenzie02,
  author    = {Philip D. MacKenzie and
               Thomas Shrimpton and
               Markus Jakobsson},
  title     = {Threshold Password-Authenticated Key Exchange},
  booktitle = {CRYPTO: 22nd Annual International Cryptology Conference},
  year      = {2002},
  pages     = {385-400},
}

@inproceedings{yao-focs86,
  author    = {Andrew Chi-Chih Yao},
  title     = {How to Generate and Exchange Secrets (Extended Abstract)},
  booktitle = {FOCS},
  year      = {1986},
  pages     = {162-167},

}

@book{Goldreich:vol2,
author="O. Goldreich",
title="Foundations of Cryptography: Volume 2 -- Basic applications",
publisher="Cambridge University Press",
year="2004"}

@article{lindellpinkas-jcs,
author="Y. Lindell and B. Pinkas",
title="A Proof of Security of Yao's Protocol for Two-Party Computation",
journal="Journal of Cryptology", 
volume="22",
number="2",
year="2009"}

@inproceedings{GMW:87,
author="O. Goldreich and S. Micali and A. Wigderson",
title="How to Play any Mental Game -- A Completeness Theorem for Protocols with Honest Majority",
booktitle="19th STOC",
year="1987"}

@inproceedings{Naor-Pinkas:2001,
author="M. Naor and B. Pinkas",
title="Efficient Oblivious Transfer Protocols",
booktitle="SIAM Symposium on Discrete Algorithms (SODA)", 
year="2001"}

@inproceedings{1398071,
 author = {Jha,, Somesh and Kruger,, Louis and Shmatikov,, Vitaly},
 title = {Towards Practical Privacy for Genomic Computation},
 booktitle = {SP '08: Proceedings of the 2008 IEEE Symposium on Security and Privacy},
 year = {2008},
 isbn = {978-0-7695-3168-7},
 pages = {216--230},
 doi = {http://dx.doi.org/10.1109/SP.2008.34},
 publisher = {IEEE Computer Society},
 address = {Washington, DC, USA},
 }

