%Daniel Bleichenbacher, Chosen Ciphertext Attacks Against Protocols Based on the RSA Encryption Standard PKCS #1, CRYPTO 1998, pp112.

`%Ronald Cramer and Victor Shoup: "A practical public key cryptosystem provably secure against adaptive chosen ciphertext attack." in proceedings of Crypto 1998, LNCS 1462, p.13ff

@article{rivest83rsa,
 author = {R. L. Rivest and A. Shamir and L. Adleman},
 title = {A method for obtaining digital signatures and public-key cryptosystems},
 journal = {Commun. ACM},
 volume = {26},
 number = {1},
 year = {1983},
 issn = {0001-0782},
 pages = {96--99},
 doi = {http://doi.acm.org/10.1145/357980.358017},
 publisher = {ACM Press},
 address = {New York, NY, USA},
 }


@article{ elgamal85,
  author = "T. Elgamal",
  title = "A Public Key Cryptosystem and a Signature Scheme based on Discrete Logarithms",
  journal = "IEEE Transactions on Information Theory",
  volume = "IT-30",
  number = 4,
  month = "July",
  year = 1985,
  pages="469--472"
}



@article{ bleichenbacher98chosen,
    author = "Daniel Bleichenbacher",
    title = "Chosen Ciphertext Attacks Against Protocols Based on the {RSA} Encryption Standard {PKCS} \#1",
    journal = "Lecture Notes in Computer Science",
    volume = "1462",
    year = "1998",
    url = "citeseer.ist.psu.edu/bleichenbacher98chosen.html" }
@book{1996-bach-book
,note={URL: {\tt http://www.math.uwaterloo.ca/~shallit/ant.html}}
,title={{Algorithmic number theory, volume 1: efficient algorithms}}
,booktitle={{Algorithmic number theory, volume 1: efficient algorithms}}
,author={Eric Bach and Jeffrey Shallit}
,ISBN={0--262--02405--5}
,MR={97e:11157}
,publisher={MIT Press}
,address={Cambridge, Massachusetts}
,year={1996}
}
