@MANUAL{coil99,
  TITLE={{COIL 1999 Competition Data, The UCI KDD Archive}},
  AUTHOR={Information and Computer Science},
  ORGANIZATION={University of California Irvine},
  NOTE={\sloppy{\footnotesize\tt http://kdd.ics.uci.edu/databases/coil/coil.html}},
  LOCATION={Irvine, CA},
  MONTH={October},
  YEAR={1999},
}

@MANUAL{pion98,
  TITLE={{Pioneer-1 Mobile Robot Data}},
  AUTHOR={Information and Computer Science},
  ORGANIZATION={University of California Irvine},
  NOTE={\sloppy{\footnotesize\tt http://kdd.ics.uci.edu/databases/pioneer/pioneer.html}},
  LOCATION={Irvine, CA},
  MONTH={November},
  YEAR={1998},
}

@MANUAL{jvow00,
  TITLE={{Japanese Vowels}},
  AUTHOR={Information and Computer Science},
  ORGANIZATION={University of California Irvine},
  NOTE={\sloppy{\footnotesize\tt http://kdd.ics.uci.edu/databases/JapaneseVowels/JapaneseVowels.html}},
  LOCATION={Irvine, CA},
  MONTH={June},
  YEAR={2000},
}

@misc{sun04,
  TITLE = {{Sun Java Virutal Machine, version 1.5}},
  AUTHOR = {{Sun Microsystems}},
  HOWPUBLISHED = {http://java.sun.com/},
  MONTH = {November},
  YEAR = {2004},
}

@misc{tao04,
  TITLE = {{Tao Linux, version 1.0}},
  AUTHOR = {Tao Linux User Group},
  HOWPUBLISHED = {http://taolinux.org/},
  MONTH = {November},
  YEAR = {2004},
}

@ARTICLE{kts99,
  AUTHOR = {M. Kudo and J. Toyama and M. Shimbo},
  TITLE = {{Multidimensional Curve Classification Using Passing-Through Regions}},
  JOURNAL = {Pattern Recognition Letters}, 
  COUMN = 20,
  NUMBER = {11--13} ,
  PAGES= {1103--1111},
  YEAR = 1999,
}
