@book{Gusfield,
author="D. Gusfield",
title="Algorithms on Strings, Trees, and Sequences",
publisher="Cambridge University Press",
year="1997"}

@book{CLR,
author="T. H. Cormen and C. E. Leiserson and  R. L. Rivest and C. Stein",
title="Introduction to Algorithms", 
publisher="The MIT Press and McGraw-Hill Book Company",
year="2001"}

@article{Smith-Waterman,
author="T. Smith and M. Waterman",
title="Identification of Common Molecular Subsequences",
journal="Journal of Molecular Biology",
volume="147",
year="1981"}
