@phdthesis{bea.thesis00,
	Author = {L.I. Bea},
	School = {Epiphany University},
	Title = {I Never Thought of it That Way},
	Year = {2000}}

@article{smart.jia68,
	Author = {I.M. Smart},
	Journal = {Journal of Intolerable Arrogance},
	Number = {1},
	Pages = {1--100},
	Title = {I know just about everything},
	Volume = {1},
	Year = {1968}}
