@article{pfam2002,
	address = {Wellcome Trust Sanger Institute, Wellcome Trust Genome Campus, Hinxton, Cambridge CB10 1SA, UK. agb@sanger.ac.uk},
	author = {Bateman, A.  and Birney, E.  and Cerruti, L.  and Durbin, R.  and Etwiller, L.  and Eddy, S. R.  and Griffiths-Jones, S.  and Howe, K. L.  and Marshall, M.  and Sonnhammer, E. L. },
	citeulike-article-id = {94450},
	issn = {1362-4962},
	journal = {Nucleic Acids Res},
	keywords = {bioinformatics, pfam, protein-family},
	month = {January},
	number = {1},
	pages = {276--280},
	priority = {2},
	title = {The Pfam protein families database.},
	url = {http://view.ncbi.nlm.nih.gov/pubmed/11752314},
	volume = {30},
	year = {2002}
}

@article{blosum62,
	abstract = {Many sequence alignment programs use the BLOSUM62 score matrix to score pairs of aligned residues. Where did BLOSUM62 come from?},
	address = {Howard Hughes Medical Institute \& Department of Genetics, Washington University School of Medicine, 4444 Forest Park Blvd., Box 8510, Saint Louis, Missouri 63108, USA. eddy@genetics.wustl.edu},
	author = {Eddy, S. R. },
	citeulike-article-id = {201533},
	doi = {10.1038/nbt0804-1035},
	issn = {1087-0156},
	journal = {Nat Biotechnol},
	keywords = {blosum62, scoring-matrices},
	month = {August},
	number = {8},
	pages = {1035--1036},
	priority = {5},
	title = {Where did the BLOSUM62 alignment score matrix come from?},
	url = {http://dx.doi.org/10.1038/nbt0804-1035},
	volume = {22},
	year = {2004}
}


