
@techreport(
R81, 	author="M.~Rabin",
	title="How to exchange secrets by oblivious transfer",
	institution="Aiken Computation Laboratory, Harvard University",
	number="TR-81",
        year="1981")

	@inproceedings(
atallah, author="M. Atallah and F. Kerschbaum and W. Du",
	title="Secure and private sequence comparisons",
	booktitle="Proceedings of the 2003 ACM Workshop on Privacy in the Electronic Society (WPES)",
        year="2003")

	@inproceedings(
lipmaa-isc05, author="H. Lipmaa",
	title="An Oblivious Transfer Protocol with Log-Squared Communication",
	booktitle="Proceedings of the 8th International Conference on Information Security (ISC 2005)",
        year="2005")

	@inproceedings(
gentry-icalp05, author="C. Gentry and Z. Ramzan",
	title="Single-Database Private Information Retrieval with Constant Communication Rate",
	booktitle="Proceedings of the 32nd International Colloquium on Automata, Languages and Programming (ICALP)",
        year="2005")

	@inproceedings(
lintzeng-acns05, author="H-Y. Lin and W-G. Tzeng",
	title="An Efficient Solution to the Millionaires' Problem Based on Homomorphic Encryption",
	booktitle="Proceedings of  the Third International Conference on Applied Cryptography and Network Security (ACNS)",
        year="2005")

	@inproceedings(
dam-tcc06, author="I. Damgard and M. Fitzi and E. Kiltz and J.B. Nielsen and
                   T. Toft",
	title="Unconditionally Secure Constant-Rounds Multi-party Computation for Equality, Comparison, Bits and Exponentiation",
	booktitle="Proceedings of the  Third Theory of Cryptography Conference (TCC)",
        year="2006")

	@inproceedings(
KO02,	author="K. Kurosawa and W. Ogata",
	title="Bit-slice auction circuit",
	booktitle="Proceedings of the 7th European Symposium on Research in Computer Security (ESORICS)",
        year="2002")

	@inproceedings(
BPS07,	author="J.~Brickell and D.~Porter and V.~Shmatikov and E.~Witchel",
	title="Privacy-preserving remote diagnostics",
	booktitle="Proceedings of the 14th Conference on Computer and 
	           Communications Security (CCS)",
        year="2007")

	@misc(
decode,	author="M.~Fedoruk",
	title="Mapping the {Icelandic} genome",
	howpublished="\url{http://www.scq.ubc.ca/?p=381}",
        year="2003")

	@misc(
hapmap,	author="{HapMap}",
	title="International {HapMap} project",
	howpublished="\url{http://www.hapmap.org/}",
	year="2007")

	@misc(
cmugenome,author="{Genomic Privacy Project}",
	howpublished="\url{http://privacy.cs.cmu.edu/dataprivacy/projects/genetic/}",
	year="2004")

	@misc(
harvard,author="{Personal Genome Project}",
	title="Are guarantees of genome anonymity realistic?",
	howpublished="\url{http://arep.med.harvard.edu/PGP/Anon.htm}",
	year="2006")

        @inproceedings(
JS07,   author="S.~Jarecki and V.~Shmatikov",
        title="Efficient two-party secure computation on
               committed inputs",
        booktitle="Proc.\ Advances in Cryptology~- {EUROCRYPT} 2007",
        pages="97--114",
        series="LNCS",
	volume="4515",
        publisher="Springer",
        year="2007")

